@article{exampleRef,
  title={Example Title},
  author={Author, A.},
  journal={Journal of Examples},
  volume={1},
  number={1},
  pages={1--2},
  year={2024},
  publisher={Publisher}
}
